% This web page lists the various kinds
% of bibtex entries.  I have included
% a few examples below.
% https://www.bibtex.com/e/entry-types/

% Wikipedia article:
